@misc{example,
  title={Title}, 
  author={Author Name},
  archivePrefix={arXiv},
  eprint={0000.00000},
  journal={arXiv},
  organization={Org},
  primaryClass={cs},
  year={2020},
}
